
<marc:record>
<marc:leader>00779naa a2200217 i 4500</marc:leader>
<marc:controlfield tag="001">000002279431</marc:controlfield>
<marc:controlfield tag="003">ItFiC</marc:controlfield>
<marc:controlfield tag="005">20111221125025.0</marc:controlfield>
<marc:controlfield tag="008">091115s2004    xx      s    u000 u und c</marc:controlfield>
<marc:datafield tag="040" ind1=" " ind2=" ">
<marc:subfield code="a">ItFiC</marc:subfield>
<marc:subfield code="b">eng</marc:subfield>
<marc:subfield code="c">ItFiC</marc:subfield>
</marc:datafield>
<marc:datafield tag="092" ind1=" " ind2=" ">
<marc:subfield code="a">2279431</marc:subfield>
</marc:datafield>
<marc:datafield tag="097" ind1="0" ind2=" ">
<marc:subfield code="a">2249531</marc:subfield>
<marc:subfield code="b">015</marc:subfield>
<marc:subfield code="c">2279431</marc:subfield>
<marc:subfield code="d">0002</marc:subfield>
</marc:datafield>
<marc:datafield tag="245" ind1="1" ind2="3">
<marc:subfield code="a">Il problema dell'origine della &quot;polis&quot; /</marc:subfield>
<marc:subfield code="c">Gallo, Italo.</marc:subfield>
</marc:datafield>
<marc:datafield tag="260" ind1=" " ind2=" ">
<marc:subfield code="a">Roma :</marc:subfield>
<marc:subfield code="b">Edizioni dell'Ateneo,</marc:subfield>
<marc:subfield code="c">2004.</marc:subfield>
</marc:datafield>
<marc:datafield tag="300" ind1=" " ind2=" ">
<marc:subfield code="a">P. 1000-1014</marc:subfield>
</marc:datafield>
<marc:datafield tag="591" ind1=" " ind2=" ">
<marc:subfield code="b">0002</marc:subfield>
<marc:subfield code="f">1000</marc:subfield>
<marc:subfield code="g">1014</marc:subfield>
</marc:datafield>
<marc:datafield tag="700" ind1="1" ind2=" ">
<marc:subfield code="a">Gallo, Italo.</marc:subfield>
</marc:datafield>
<marc:datafield tag="773" ind1="0" ind2=" ">
<marc:subfield code="a">Gallo, Italo.</marc:subfield>
<marc:subfield code="t">Riflessioni e divagazioni sulla grecità.</marc:subfield>
<marc:subfield code="d">Roma : Edizioni dell'Ateneo, 2004.</marc:subfield>
<marc:subfield code="k">Filologia e critica / Università degli studi di Urbino</marc:subfield>
<marc:subfield code="z">88-8476-031-3</marc:subfield>
<marc:subfield code="w">()2249531</marc:subfield>
</marc:datafield>
<marc:datafield tag="910" ind1=" " ind2=" ">
<marc:subfield code="a">Bibl. data</marc:subfield>
<marc:subfield code="e">Torrossa Fulltext Resource</marc:subfield>
<marc:subfield code="g">Casalini Libri</marc:subfield>
</marc:datafield>
<marc:datafield tag="943" ind1=" " ind2=" ">
<marc:subfield code="a">122</marc:subfield>
<marc:subfield code="b">S</marc:subfield>
</marc:datafield>
<marc:datafield tag="998" ind1=" " ind2=" ">
<marc:subfield code="a">FR2950</marc:subfield>
</marc:datafield>
</marc:record>
</marc:collection>
